<?xml version="1.0" encoding="UTF-8"?><collection xmlns="http://www.loc.gov/MARC21/slim"><record><leader>00480nam--2200181-i-4500</leader><controlfield tag="001">000014762</controlfield><controlfield tag="002">20161230</controlfield><controlfield tag="005">20161230201031</controlfield><controlfield tag="008">060222s1000------------r-----000-0-eng-d</controlfield><datafield ind1=" " ind2=" " tag="040"><subfield code="a">IFIN-HH</subfield></datafield><datafield ind1=" " ind2=" " tag="080"><subfield code="a">534.8</subfield></datafield><datafield ind1="1" ind2=" " tag="100"><subfield code="a">Badarau, Eugen</subfield></datafield><datafield ind1="1" ind2="0" tag="245"><subfield code="a">Ultraacustica</subfield><subfield code="b">Fizica si tehnica</subfield><subfield code="c">Eugen badarau, mircea grumazescu</subfield></datafield><datafield ind1=" " ind2=" " tag="260"><subfield code="a">Bucuresti, Editura Tehnica, 1967</subfield></datafield><datafield ind1=" " ind2=" " tag="300"><subfield code="a">316 P</subfield></datafield><datafield ind1="1" ind2=" " tag="700"><subfield code="a">Grumazescu, Mircea</subfield></datafield><datafield ind1=" " ind2=" " tag="852"><subfield code="a">25840</subfield><subfield code="c">534</subfield></datafield><datafield ind1=" " ind2=" " tag="CAT"><subfield code="a">Sys</subfield><subfield code="c">20130329</subfield><subfield code="h">101932</subfield></datafield></record></collection>